@online{site:hybrid-native,
    title   = {Hybrid vs.Native},
    url     = {https://cdn2.hubspot.net/hubfs/3776657/Ionic%20eBook%20-%20Hybrid%20vs%20Native.pdf}
}

@online{site:cordova-capacitor,
    title   = {Cordova vs Capacitor},
    url     = {https://ionicframework.com/resources/articles/capacitor-vs-cordova-modern-hybrid-app-development}
}

@online{site:firebase,
    title   = {Firebase Cloud Messaging},
    url     = {https://firebase.google.com/docs/cloud-messaging}
}

@online{site:angular-concept,
    title   = {Introduction to Angular concepts},
    url     = {https://angular.io/guide/architecture}
}

@online{site:cordova-capacitor,
    title   = {Cordova vs Capacitor},
    url     = {https://ionicframework.com/resources/articles/capacitor-vs-cordova-modern-hybrid-app-development}
}

@online{site:dontkillmyapp,
    title   = {Don't Kill My App},
    url     = {https://dontkillmyapp.com/}
}

@online{site:tslint,
    title   = {TSLint},
    url     = {https://palantir.github.io/tslint/}
}

@online{site:protractor,
    title   = {Protractor},
    url     = {https://www.protractortest.org/#/}
}
